<?xml version="1.0" encoding="UTF-8"?><record xmlns="http://www.loc.gov/MARC21/slim" xmlns:cinclude="http://apache.org/cocoon/include/1.0" xmlns:zs="http://www.loc.gov/zing/srw/">
  <leader>00730cz  a2200157n  4500</leader>
  <controlfield tag="001">n 2007211466</controlfield>
  <controlfield tag="003">DLC</controlfield>
  <controlfield tag="005">20120817075858.0</controlfield>
  <controlfield tag="008">071206n| acannaabn          |a aaa      </controlfield>
  <datafield tag="010" ind1=" " ind2=" ">
    <subfield code="a">n 2007211466</subfield>
  </datafield>
  <datafield tag="040" ind1=" " ind2=" ">
    <subfield code="a">DLC</subfield>
    <subfield code="b">eng</subfield>
    <subfield code="c">DLC</subfield>
    <subfield code="d">DLC</subfield>
  </datafield>
  <datafield tag="046" ind1=" " ind2=" ">
    <subfield code="f">1925</subfield>
  </datafield>
  <datafield tag="100" ind1="1" ind2=" ">
    <subfield code="a">Rigon, Marino,</subfield>
    <subfield code="c">Father,</subfield>
    <subfield code="d">1925-</subfield>
  </datafield>
  <datafield tag="400" ind1="1" ind2=" ">
    <subfield code="a">Rigana, Mārino,</subfield>
    <subfield code="c">Father,</subfield>
    <subfield code="d">1925-</subfield>
  </datafield>
  <datafield tag="667" ind1=" " ind2=" ">
    <subfield code="a">THIS 1XX FIELD CANNOT BE USED UNDER RDA UNTIL THIS RECORD HAS BEEN REVIEWED AND/OR UPDATED</subfield>
  </datafield>
  <datafield tag="670" ind1=" " ind2=" ">
    <subfield code="a">Phādāra Rigana, nibhr̥ta kolāhala, 2006:</subfield>
    <subfield code="b">t.p. verso (Father Rigon) p. 218 (b. Feb 5, 1925; Phādāra Mārino Rigana; Christian missionary from Italy, who came and worked in Bangladesh; social worker; writer; and translator from Bengali to Italian; eighty year old)</subfield>
  </datafield>
</record>